@article{hindmarsh2005,
  title={{SUNDIALS}: Suite of nonlinear and differential/algebraic equation solvers},
  author={Hindmarsh, Alan C and Brown, Peter N and Grant, Keith E and Lee, Steven L and Serban, Radu and Shumaker, Dan E and Woodward, Carol S},
  journal={ACM Transactions on Mathematical Software (TOMS)},
  volume={31},
  number={3},
  pages={363--396},
  year={2005},
  publisher={ACM}
}


@InProceedings{blochwitz2009,
  Title                    = {The {Functional Mockup Interface} for Tool independent Exchange of Simulation Models},
  Author                   = {T. Blochwitz and M. Otter and M. Arnold and C. Bausch and C. Clau{\ss} and H. Elmqvist and A. Junghanns and J. Mauss and M. Monteiro and T. Neidhold and D. Neumerkel and H. Olsson and J.-V. Peetz and S. Wolf},
  Booktitle                = {8th International Modelica Conference 2011},
  Year                     = {2009},

  Address                  = {Como, Italy},
  Month                    = sep,
}


@online{modelon2015,
  author = {Modelon AB},
  title = {FMI Library: part of JModelica.org},
  year = {2014},
  url = {http://www.jmodelica.org/FMILibrary},
  urldate = {2016-10-10}
}

